<record><leader>00000cas a22000007a 4500</leader><controlfield tag="001">19376901</controlfield><controlfield tag="008">890316d19791991couwr ne      0   a0eng d</controlfield><datafield ind1=" " ind2=" " tag="010"><subfield code="a">sn 89052026 </subfield></datafield><datafield ind1=" " ind2=" " tag="040"><subfield code="a">CNQ</subfield><subfield code="b">eng</subfield><subfield code="c">CNQ</subfield><subfield code="d">NSD</subfield><subfield code="d">CNQ</subfield><subfield code="d">OCLCQ</subfield></datafield><datafield ind1=" " ind2=" " tag="012"><subfield code="m">1</subfield></datafield><datafield ind1="1" ind2=" " tag="022"><subfield code="a">1044-4270</subfield><subfield code="l">1044-4270</subfield><subfield code="2">1</subfield></datafield><datafield ind1=" " ind2=" " tag="032"><subfield code="a">680240</subfield><subfield code="b">USPS</subfield></datafield><datafield ind1=" " ind2=" " tag="037"><subfield code="b">Westminster Sentinel, 3501 E. 46th Ave., Denver, CO 80216</subfield></datafield><datafield ind1=" " ind2=" " tag="042"><subfield code="a">msc</subfield><subfield code="a">nsdp</subfield></datafield><datafield ind1=" " ind2="0" tag="222"><subfield code="a">Westminster sentinel</subfield></datafield><datafield ind1="0" ind2="0" tag="245"><subfield code="a">Westminster sentinel.</subfield></datafield><datafield ind1=" " ind2=" " tag="260"><subfield code="a">Denver, Colo. :</subfield><subfield code="b">Community Publications Co.</subfield></datafield><datafield ind1=" " ind2=" " tag="300"><subfield code="a">v.</subfield></datafield><datafield ind1=" " ind2=" " tag="310"><subfield code="a">Weekly</subfield></datafield><datafield ind1="0" ind2=" " tag="362"><subfield code="a">Vol. 34, no. 13 (Mar. 1, 1979)-v. 80, issue 22 (Aug. 1, 1991).</subfield></datafield><datafield ind1=" " ind2=" " tag="500"><subfield code="a">Publisher: Sentinel Pub. Co. &lt;May 4, 1989-&gt;.</subfield></datafield><datafield ind1=" " ind2=" " tag="530"><subfield code="a">Available on microfilm from the Colorado Historical Society.</subfield></datafield><datafield ind1=" " ind2=" " tag="588"><subfield code="a">Latest issue consulted: 78th year, 14th issue (May 4, 1989).</subfield></datafield><datafield ind1=" " ind2=" " tag="752"><subfield code="a">United States</subfield><subfield code="b">Colorado</subfield><subfield code="c">Denver</subfield><subfield code="d">Denver.</subfield></datafield><datafield ind1=" " ind2=" " tag="752"><subfield code="a">United States</subfield><subfield code="b">Colorado</subfield><subfield code="c">Adams</subfield><subfield code="d">Westminster.</subfield></datafield><datafield ind1="0" ind2="0" tag="780"><subfield code="t">Westminster journal sentinel</subfield><subfield code="w">(DLC)sn 89052025</subfield></datafield><datafield ind1="0" ind2="7" tag="785"><subfield code="t">Westminster window</subfield><subfield code="w">(DLC)sn 89052027</subfield></datafield><datafield ind1="0" ind2="7" tag="785"><subfield code="t">Westminster window and Westminster sentinel</subfield><subfield code="w">(DLC)sn 91052626</subfield></datafield></record>